
@online{AOSE,
  title = {{{AOSE}}\_{{Regional}}\_{{Factsheet}}\_{{SASKATCHEWAN}}\_{{DIGITAL}}.Pdf},
  url = {https://www.ic.gc.ca/eic/site/063.nsf/vwapj/AOSE_Regional_Factsheet_SASKATCHEWAN_DIGITAL.pdf/$file/AOSE_Regional_Factsheet_SASKATCHEWAN_DIGITAL.pdf},
  urldate = {2021-08-26},
  itemID = 8925
}
% == BibLateX quality report for AOSE:
% Unexpected field 'itemID'
% Exactly one of 'date' / 'year' must be present
% ? Title looks like it was stored in lower-case in Zotero
% ? Unused version: 12297

@unpublished{Applying2017,
  title = {Applying {{Standard Independent Verification}} and {{Validation}} ({{IVV}}) {{Techniques Within}} an {{Agile Framework}}: Is {{There}} a {{Compatibility Issue}}?},
  shorttitle = {Applying {{Standard Independent Verification}} and {{Validation}} ({{IVV}}) {{Techniques Within}} an {{Agile Framework}}},
  author = {Dabney, James B. and Arthur, James Douglas},
  date = {2017-04-24},
  url = {https://ntrs.nasa.gov/citations/20170003999},
  urldate = {2021-08-29},
  annotation = {NTRS Author Affiliations: Houston Univ.-Clear Lake, Virginia Polytechnic Inst. and State Univ. NTRS Meeting Information: IEEE International Systems Conference; 2017-04-24 to 2017-04-27; undefined NTRS Report/Patent Number: GSFC-E-DAA-TN41834 NTRS Document ID: 20170003999 NTRS Research Center: Goddard Space Flight Center (GSFC)},
  itemID = 8938
}
% == BibLateX quality report for Applying2017:
% Unexpected field 'itemID'
% ? Title looks like it was stored in title-case in Zotero
% ? Unused version: 12360

@online{Canadian,
  title = {The {{Canadian Light Source}}: A {{Story}} of {{Scientific Collaboration}} on {{JSTOR}}},
  shorttitle = {The {{Canadian Light Source}}},
  eprint = {10.3138/j.ctv15d80wg},
  eprinttype = {jstor},
  langid = {english},
  itemID = 8935
}
% == BibLateX quality report for Canadian:
% Unexpected field 'itemID'
% Exactly one of 'date' / 'year' must be present
% ? Title looks like it was stored in title-case in Zotero
% ? Unused version: 12356

@book{Chemical2012,
  title = {Chemical {{Quantification}} of {{Mo}}-{{S}}, {{W}}-{{Si}} and {{Ti}}-{{V}} by {{Energy Dispersive X}}-{{Ray Spectroscopy}}.},
  date = {2012},
  publisher = {{INTECH Open Access Publisher}},
  url = {http://www.intechopen.com/articles/show/title/chemical-quantification-of-mo-s-w-si-and-ti-v-by-energy-dispersive-x-ray-spectroscopy},
  urldate = {2021-12-05},
  isbn = {978-953-307-967-7},
  langid = {english},
  annotation = {OCLC: 1111195729},
  itemID = 9941
}
% == BibLateX quality report for Chemical2012:
% Unexpected field 'itemID'
% Missing required field 'author'
% ? Title looks like it was stored in title-case in Zotero
% ? Unused libraryCatalog: Open WorldCat
% ? Unused version: 14038

@article{Commissioning2018,
  title = {Commissioning {{Results}} from the Newly Installed {{KB Refocusing System}} for the {{VLS}}-{{PGM Beamline}} at the {{Canadian Light Source}}},
  author = {Zuin, Lucia and Wang, Dongniu and Karunakaran, Chithra},
  date = {2018-08},
  journaltitle = {Microscopy and Microanalysis},
  shortjournal = {Microsc Microanal},
  volume = {24},
  number = {S2},
  pages = {506--507},
  issn = {1431-9276, 1435-8115},
  doi = {10.1017/S1431927618014757},
  url = {https://www.cambridge.org/core/product/identifier/S1431927618014757/type/journal_article},
  urldate = {2021-12-05},
  langid = {english},
  itemID = 9964
}
% == BibLateX quality report for Commissioning2018:
% Unexpected field 'itemID'
% 'issn': not a valid ISSN
% ? Unused libraryCatalog: DOI.org (Crossref)
% ? Unused version: 14074

@online{Elements,
  title = {Elements of {{Modern X}}-Ray {{Physics}} by {{Als}}-{{Nielsen}}, {{Jens}}, {{McMorrow}}, {{Des}}: Very {{Good}} (2001) | {{Zubal}}-{{Books}}, {{Since}} 1961},
  shorttitle = {Elements of {{Modern X}}-Ray {{Physics}} by {{Als}}-{{Nielsen}}, {{Jens}}, {{McMorrow}}, {{Des}}},
  url = {https://www.abebooks.com/9780471498575/Elements-Modern-X-ray-Physics-Als-Nielsen-0471498572/plp},
  urldate = {2021-12-05},
  langid = {english},
  itemID = 9944
}
% == BibLateX quality report for Elements:
% Unexpected field 'itemID'
% Exactly one of 'date' / 'year' must be present
% ? Unused version: 14044

@article{Formation1948,
  title = {Formation of {{Optical Images}} by {{X}}-{{Rays}}},
  author = {Kirkpatrick, Paul and Baez, A. V.},
  date = {1948-09-01},
  journaltitle = {Journal of the Optical Society of America},
  shortjournal = {J. Opt. Soc. Am.},
  volume = {38},
  number = {9},
  pages = {766},
  issn = {0030-3941},
  doi = {10.1364/JOSA.38.000766},
  url = {https://www.osapublishing.org/abstract.cfm?URI=josa-38-9-766},
  urldate = {2021-12-05},
  langid = {english},
  itemID = 9980
}
% == BibLateX quality report for Formation1948:
% Unexpected field 'itemID'
% ? Title looks like it was stored in title-case in Zotero
% ? Unused libraryCatalog: DOI.org (Crossref)
% ? Unused version: 14097

@article{How2014,
  title = {How to {{Successfully Renovate}} a {{Controls System}}? - {{Lessons Learned}} from the {{Renovation}} of the {{CERN Injectors}}' {{Controls Software}}},
  author = {Kruk, G and Deghaye, S and Kulikova, O and Lezhebokov, V V and Pace, M and Mira, P Pera and Roux, E and Wozniak, J P},
  date = {2014},
  pages = {4},
  langid = {english},
  itemID = 8921
}
% == BibLateX quality report for How2014:
% Unexpected field 'itemID'
% Missing required field 'journaltitle'
% ? Title looks like it was stored in title-case in Zotero
% ? Unused libraryCatalog: Zotero
% ? Unused version: 12289

@online{insertion,
  title = {An Insertion Device Beamline for 5\textendash 250 {{eV}} at the {{Canadian Light Source}}: Review of {{Scientific Instruments}}: Vol 73, {{No}} 3},
  url = {https://aip-scitation-org.ezproxy.library.yorku.ca/doi/abs/10.1063/1.1436545},
  urldate = {2021-12-05},
  itemID = 9975
}
% == BibLateX quality report for insertion:
% Unexpected field 'itemID'
% Exactly one of 'date' / 'year' must be present
% ? Unused version: 14092

@article{insertion2002a,
  title = {An Insertion Device Beamline for 5\textendash 250 {{eV}} at the {{Canadian Light Source}}},
  author = {Reininger, R. and Tan, K. and Coulthard, I.},
  date = {2002-03},
  journaltitle = {Review of Scientific Instruments},
  shortjournal = {Review of Scientific Instruments},
  volume = {73},
  number = {3},
  pages = {1489--1491},
  issn = {0034-6748, 1089-7623},
  doi = {10.1063/1.1436545},
  url = {http://aip.scitation.org/doi/10.1063/1.1436545},
  urldate = {2021-12-05},
  langid = {english},
  itemID = 9979
}
% == BibLateX quality report for insertion2002a:
% Unexpected field 'itemID'
% 'issn': not a valid ISSN
% ? Unused libraryCatalog: DOI.org (Crossref)
% ? Unused version: 14093

@online{MITa,
  title = {{{MIT X}}-{{Ray SEF List}} of {{Resources}}},
  url = {http://prism.mit.edu/xray/oldsite/resources.htm},
  urldate = {2021-12-05},
  itemID = 9934
}
% == BibLateX quality report for MITa:
% Unexpected field 'itemID'
% Exactly one of 'date' / 'year' must be present
% ? Title looks like it was stored in title-case in Zotero
% ? Unused version: 14027

@article{Online2018,
  title = {Online {{Coupling Measurement}} and {{Correction Throughout}} the {{LHC Cycle}}},
  author = {Hemelsoet, Georges-Henry and Calia, Andrea and Fuchsberger, Kajetan and Gabriel, Mathieu and Hostettler, Michael and Hruska, Marek and Jacquet, Delphine and Persson, Tobias and Soderen, Martin and Valuch, Daniel},
  date = {2018},
  journaltitle = {Proceedings of the 16th Int. Conf. on Accelerator and Large Experimental Control Systems},
  volume = {ICALEPCS2017},
  pages = {6 pages, 0.617 MB},
  publisher = {{JACoW, Geneva, Switzerland}},
  doi = {10.18429/JACOW-ICALEPCS2017-TUPHA119},
  url = {http://jacow.org/icalepcs2017/doi/JACoW-ICALEPCS2017-TUPHA119.html},
  urldate = {2021-08-26},
  editora = {RW (Ed.), Volker, Schaa and Isidre (Ed.), Costa and David (Ed.), Fern\~A\textexclamdown Ndez and \~AÂ“Scar (Ed.), Matilla},
  editoratype = {collaborator},
  isbn = {9783954501939},
  langid = {english},
  itemID = 8912
}
% == BibLateX quality report for Online2018:
% Unexpected field 'publisher'
% Unexpected field 'isbn'
% Unexpected field 'itemID'
% ? Possibly abbreviated journal title Proceedings of the 16th Int. Conf. on Accelerator and Large Experimental Control Systems
% ? Title looks like it was stored in title-case in Zotero
% ? Unused libraryCatalog: DOI.org (Datacite)
% ? Unused medium: PDF
% ? Unused rights: CC 3.0
% ? Unused version: 12279

@online{Perlego,
  title = {Perlego},
  url = {https://www.perlego.com/sign-up},
  urldate = {2021-12-05},
  itemID = 9938
}
% == BibLateX quality report for Perlego:
% Unexpected field 'itemID'
% Exactly one of 'date' / 'year' must be present
% ? Unused version: 14037

@online{PHYS,
  title = {{{PHYS}} 570 {{Home Page}}},
  url = {http://www.phys.iit.edu/~segre/phys570/20S/},
  urldate = {2021-12-05},
  itemID = 9942
}
% == BibLateX quality report for PHYS:
% Unexpected field 'itemID'
% Exactly one of 'date' / 'year' must be present
% ? Title looks like it was stored in title-case in Zotero
% ? Unused version: 14041

@article{Recent2014,
  title = {Recent {{Changes}} to {{Beamline Software}} at the {{Canadian Light Source}}},
  author = {Wright, G and Beauregard, D and Berg, R and Black, G and Chevrier, D K and Igarashi, R and Matias, E D and Miller, C D},
  date = {2014},
  pages = {3},
  langid = {english},
  itemID = 9962
}
% == BibLateX quality report for Recent2014:
% Unexpected field 'itemID'
% Missing required field 'journaltitle'
% ? Title looks like it was stored in title-case in Zotero
% ? Unused libraryCatalog: Zotero
% ? Unused version: 14071

@article{Reliable2014,
  title = {Reliable {{Software Development}} for {{Machine Protection Systems}}},
  author = {Garnier, J C and Anderson, D and Audrain, M and Dragu, M and Fuchsberger, K and Gorzawski, A A and Koza, M and Krol, K H and Misiowiec, K and Stamos, K and Zerlauth, M},
  date = {2014},
  pages = {3},
  langid = {english},
  itemID = 8919
}
% == BibLateX quality report for Reliable2014:
% Unexpected field 'itemID'
% Missing required field 'journaltitle'
% ? Title looks like it was stored in title-case in Zotero
% ? Unused libraryCatalog: Zotero
% ? Unused version: 12286

@online{Safeguarding,
  title = {Safeguarding {{Your Research}} - {{Science}}.Gc.Ca},
  author = {Government of Canada, Innovation},
  url = {https://www.ic.gc.ca/eic/site/063.nsf/eng/h_97955.html},
  urldate = {2021-08-26},
  langid = {english},
  annotation = {Last Modified: 2021-07-12},
  itemID = 8927
}
% == BibLateX quality report for Safeguarding:
% Unexpected field 'itemID'
% Exactly one of 'date' / 'year' must be present
% ? Unused version: 12320

@online{Support,
  title = {Support/{{Associate Scientist}} ({{VLS}}-{{PGM Beamline}})},
  url = {https://www.northstarats.com/Canadian-Light-Source/Support-Associate-Scientist-VLS-PGM-Beamline/64254/1913613},
  urldate = {2021-12-05},
  langid = {english},
  itemID = 9932
}
% == BibLateX quality report for Support:
% Unexpected field 'itemID'
% Exactly one of 'date' / 'year' must be present
% ? Title looks like it was stored in title-case in Zotero
% ? Unused version: 14024

@article{tribute2017,
  title = {A Tribute to {{T}}.{{K}}. {{Sham}}},
  author = {Bancroft, G. Michael},
  date = {2017-11-01},
  journaltitle = {Canadian Journal of Chemistry},
  shortjournal = {Can. J. Chem.},
  volume = {95},
  number = {11},
  pages = {v-vi},
  publisher = {{NRC Research Press}},
  issn = {0008-4042},
  doi = {10.1139/cjc-2017-0530},
  url = {https://cdnsciencepub.com/doi/full/10.1139/cjc-2017-0530},
  urldate = {2021-12-05},
  itemID = 9948
}
% == BibLateX quality report for tribute2017:
% Unexpected field 'publisher'
% Unexpected field 'itemID'
% ? Unused libraryCatalog: cdnsciencepub.com (Atypon)
% ? Unused version: 14052

@article{Tune,
  title = {Tune and Chromaticity Diagnostics},
  author = {Steinhagen, R J},
  pages = {43},
  langid = {english},
  itemID = 8923
}
% == BibLateX quality report for Tune:
% Unexpected field 'itemID'
% Exactly one of 'date' / 'year' must be present
% Missing required field 'journaltitle'
% ? Unused libraryCatalog: Zotero
% ? Unused version: 12292

@inproceedings{VLSPGM2007a,
  title = {{{VLS}}-{{PGM Beamline}} at the {{Canadian Light Source}}},
  booktitle = {{{AIP Conference Proceedings}}},
  author = {Hu, Y. F. and Zuin, L. and Reininger, R. and Sham, T. K.},
  date = {2007},
  volume = {879},
  pages = {535--538},
  publisher = {{AIP}},
  location = {{Daegu (Korea)}},
  issn = {0094243X},
  doi = {10.1063/1.2436116},
  url = {http://aip.scitation.org/doi/abs/10.1063/1.2436116},
  urldate = {2021-12-05},
  eventtitle = {{{SYNCHROTRON RADIATION INSTRUMENTATION}}: Ninth {{International Conference}} on {{Synchrotron Radiation Instrumentation}}},
  langid = {english},
  itemID = 9959
}
% == BibLateX quality report for VLSPGM2007a:
% Unexpected field 'issn'
% Unexpected field 'itemID'
% ? Title looks like it was stored in title-case in Zotero
% ? Unused libraryCatalog: DOI.org (Crossref)
% ? Unused version: 14069

@inproceedings{Web2012,
  title = {Web Applications for Experimental Control at {{CLS}}},
  booktitle = {2012 {{IEEE}} 8th {{International Conference}} on {{E}}-{{Science}}},
  author = {Liu, Dong and Maxwell, Dylan and Matias, Elder},
  date = {2012-10},
  pages = {1--4},
  doi = {10.1109/eScience.2012.6404470},
  eventtitle = {2012 {{IEEE}} 8th {{International Conference}} on {{E}}-{{Science}}},
  itemID = 8915
}
% == BibLateX quality report for Web2012:
% Unexpected field 'itemID'
% ? Unsure about the formatting of the booktitle
% ? Unused libraryCatalog: IEEE Xplore
% ? Unused version: 12283

@book{Xray1989,
  title = {X-Ray Spectroscopy: An Introduction},
  shorttitle = {X-Ray Spectroscopy},
  author = {Agarwal, B. K},
  date = {1989},
  publisher = {{Springer-Verlag}},
  location = {{Berlin; New York}},
  isbn = {978-0-387-50719-4},
  langid = {english},
  annotation = {OCLC: 19327153},
  itemID = 9937
}
% == BibLateX quality report for Xray1989:
% Unexpected field 'itemID'
% ? Unused libraryCatalog: Open WorldCat
% ? Unused version: 14032


