
@article{10a,
  title = {10 {{Years}} of {{Safe Operation}} at the {{Canadian Light Source}} – {{A Radiation Safety Perspective}}},
  author = {Cubbon, G and Albert, A and Chowdhury, P and Street, D},
  pages = {6},
  langid = {english},
  itemID = 10271
}
% == BibTeX quality report for 10a:
% Missing required field 'journal'
% Missing required field 'year'
% ? Title looks like it was stored in title-case in Zotero
% ? Unused libraryCatalog: Zotero
% ? Unused version: 14788

@misc{11ID2,
  title = {{{11ID-2 VLS-PGM User Manual}}},
  author = {{CLSI}},
  url = {https://vlspgm.lightsource.ca/media/uploads/manuals/user_training_manual_july_2019_lz.pdf},
  urldate = {2021-12-06},
  itemID = 10008
}
% == BibTeX quality report for 11ID2:
% ? Title looks like it was stored in title-case in Zotero
% ? Unused version: 14172

@misc{13a,
  title = {13.2. {{XAFS}}: {{Pre-edge Subtraction}}, {{Normalization}}, and Data Treatment — Xraylarch 0.9.57 Documentation},
  url = {https://millenia.cars.aps.anl.gov/xraylarch/xafs_preedge.html#spectral-deconvolution},
  urldate = {2021-12-14},
  itemID = 10337
}

@inproceedings{4th2016,
  title = {Towards a 4th Generation Storage Ring at the {{Canadian Light Source}}},
  booktitle = {{{PROCEEDINGS OF THE 12TH INTERNATIONAL CONFERENCE ON SYNCHROTRON RADIATION INSTRUMENTATION}} – {{SRI2015}}},
  author = {Dallin, Les and Wurtz, Ward},
  year = {2016},
  pages = {020034},
  address = {{New York, NY USA}},
  doi = {10.1063/1.4952813},
  url = {http://aip.scitation.org/doi/abs/10.1063/1.4952813},
  urldate = {2021-12-07},
  langid = {english},
  itemID = 10147
}
% == BibTeX quality report for 4th2016:
% ? Unsure about the formatting of the booktitle
% ? Unused libraryCatalog: DOI.org (Crossref)
% ? Unused version: 14493

@misc{Acronyms,
  title = {Acronyms and {{Terms}} for {{X-ray Absorption Spectroscopy}} — Xrayabsorption.Org},
  url = {https://xafs.xrayabsorption.org/acronyms.html#acronyms},
  urldate = {2021-12-07},
  itemID = 10093
}

@misc{AOSE,
  title = {{{AOSE}}\_{{Regional}}\_{{Factsheet}}\_{{SASKATCHEWAN}}\_{{DIGITAL}}.Pdf},
  url = {https://www.ic.gc.ca/eic/site/063.nsf/vwapj/AOSE_Regional_Factsheet_SASKATCHEWAN_DIGITAL.pdf/$file/AOSE_Regional_Factsheet_SASKATCHEWAN_DIGITAL.pdf},
  urldate = {2021-08-26},
  itemID = 8925
}
% == BibTeX quality report for AOSE:
% ? Title looks like it was stored in lower-case in Zotero
% ? Unused version: 12297

@misc{Applying2017,
  title = {Applying {{Standard Independent Verification}} and {{Validation}} ({{IVV}}) {{Techniques Within}} an {{Agile Framework}}: {{Is There}} a {{Compatibility Issue}}?},
  shorttitle = {Applying {{Standard Independent Verification}} and {{Validation}} ({{IVV}}) {{Techniques Within}} an {{Agile Framework}}},
  author = {Dabney, James B. and Arthur, James Douglas},
  year = {2017},
  month = apr,
  url = {https://ntrs.nasa.gov/citations/20170003999},
  urldate = {2021-08-29},
  annotation = {NTRS Author Affiliations: Houston Univ.-Clear Lake, Virginia Polytechnic Inst. and State Univ. NTRS Meeting Information: IEEE International Systems Conference; 2017-04-24 to 2017-04-27; undefined NTRS Report/Patent Number: GSFC-E-DAA-TN41834 NTRS Document ID: 20170003999 NTRS Research Center: Goddard Space Flight Center (GSFC)},
  itemID = 8938
}
% == BibTeX quality report for Applying2017:
% ? Title looks like it was stored in title-case in Zotero
% ? Unused version: 12360

@article{ATHENA2005,
  title = {{{{\emph{ATHENA}}}} , {{{\emph{ARTEMIS}}}} , {{{\emph{HEPHAESTUS}}}} : Data Analysis for {{X-ray}} Absorption Spectroscopy Using {{{\emph{IFEFFIT}}}}},
  shorttitle = {{{{\emph{ATHENA}}}} , {{{\emph{ARTEMIS}}}} , {{{\emph{HEPHAESTUS}}}}},
  author = {Ravel, B. and Newville, M.},
  year = {2005},
  month = jul,
  journal = {Journal of Synchrotron Radiation},
  volume = {12},
  number = {4},
  pages = {537--541},
  issn = {0909-0495},
  doi = {10.1107/S0909049505012719},
  url = {http://scripts.iucr.org/cgi-bin/paper?S0909049505012719},
  urldate = {2021-12-06},
  itemID = 10056
}

@article{ATHENA2005a,
  title = {{{ATHENA}}, {{ARTEMIS}}, {{HEPHAESTUS}}: Data Analysis for {{X-ray}} Absorption Spectroscopy Using {{IFEFFIT}}},
  shorttitle = {{{ATHENA}}, {{ARTEMIS}}, {{HEPHAESTUS}}},
  author = {Ravel, B. and Newville, M.},
  year = {2005},
  month = jul,
  journal = {Journal of Synchrotron Radiation},
  volume = {12},
  number = {4},
  pages = {537--541},
  publisher = {{International Union of Crystallography}},
  issn = {0909-0495},
  doi = {10.1107/S0909049505012719},
  url = {http://scripts.iucr.org/cgi-bin/paper?ph5155},
  urldate = {2021-12-14},
  copyright = {Copyright (c) 2005 International Union of Crystallography},
  langid = {english},
  itemID = 10342
}

@techreport{Beamline2018,
  title = {Beamline {{Troubleshooting}}},
  year = {2018},
  url = {https://vlspgm.lightsource.ca/media/uploads/manuals/beamline_troubleshooting_june_2018_lz.pdf},
  urldate = {2021-12-06},
  itemID = 9988
}
% == BibTeX quality report for Beamline2018:
% Missing required field 'author'
% Missing required field 'institution'
% ? Title looks like it was stored in title-case in Zotero
% ? Unused version: 14120

@misc{Canadian,
  title = {The {{Canadian Light Source}}: {{A Story}} of {{Scientific Collaboration}} on {{JSTOR}}},
  shorttitle = {The {{Canadian Light Source}}},
  url = {http://www.jstor.org/stable/10.3138/j.ctv15d80wg},
  urldate = {2021-08-27},
  langid = {english},
  itemID = 8935
}
% == BibTeX quality report for Canadian:
% ? Title looks like it was stored in title-case in Zotero
% ? Unused version: 12356

@misc{Chaptera,
  title = {Chapter {{Fourteen Radiation}} by {{Moving Charges}}},
  url = {http://www.phys.lsu.edu/~jarrell/COURSES/ELECTRODYNAMICS/Chap14/chap14.pdf},
  urldate = {2021-12-07},
  itemID = 10123
}
% == BibTeX quality report for Chaptera:
% ? Title looks like it was stored in title-case in Zotero
% ? Unused version: 14408

@book{Chemical2012,
  title = {Chemical {{Quantification}} of {{Mo-S}}, {{W-Si}} and {{Ti-V}} by {{Energy Dispersive X-Ray Spectroscopy}}.},
  year = {2012},
  publisher = {{INTECH Open Access Publisher}},
  url = {http://www.intechopen.com/articles/show/title/chemical-quantification-of-mo-s-w-si-and-ti-v-by-energy-dispersive-x-ray-spectroscopy},
  urldate = {2021-12-05},
  isbn = {978-953-307-967-7},
  langid = {english},
  annotation = {OCLC: 1111195729},
  itemID = 9941
}
% == BibTeX quality report for Chemical2012:
% Missing required field 'author/editor'
% ? Title looks like it was stored in title-case in Zotero
% ? Unused libraryCatalog: Open WorldCat
% ? Unused version: 14038

@article{close2015,
  title = {A Close Look at Dose: {{Toward L-edge XAS}} Spectral Uniformity, Dose Quantification and Prediction of Metal Ion Photoreduction},
  shorttitle = {A Close Look at Dose},
  author = {{van Schooneveld}, M.M. and DeBeer, S.},
  year = {2015},
  month = jan,
  journal = {Journal of Electron Spectroscopy and Related Phenomena},
  volume = {198},
  pages = {31--56},
  issn = {03682048},
  doi = {10.1016/j.elspec.2014.12.001},
  url = {https://linkinghub.elsevier.com/retrieve/pii/S0368204814002515},
  urldate = {2021-12-07},
  langid = {english},
  itemID = 10103
}

@techreport{Commissioning2017,
  title = {Commissioning {{Results}} from the Newly Installed {{KB Refocusing System}} for the {{VLS-PGM Beamline}} at the {{Canadian Light Source}}},
  author = {Wang, Dongniu and Zuin, Lucia},
  year = {2017},
  month = jan,
  pages = {100--109},
  url = {https://vlspgm.lightsource.ca/media/uploads/bl_posters/kb_system___commissioning_results.pdf},
  urldate = {2021-12-06},
  langid = {english},
  itemID = 10020
}
% == BibTeX quality report for Commissioning2017:
% Missing required field 'institution'
% ? Unused libraryCatalog: DOI.org (Crossref)
% ? Unused version: 14211

@article{Commissioning2018,
  title = {Commissioning {{Results}} from the Newly Installed {{KB Refocusing System}} for the {{VLS-PGM Beamline}} at the {{Canadian Light Source}}},
  author = {Zuin, Lucia and Wang, Dongniu and Karunakaran, Chithra},
  year = {2018},
  month = aug,
  journal = {Microscopy and Microanalysis},
  volume = {24},
  number = {S2},
  pages = {506--507},
  issn = {1431-9276, 1435-8115},
  doi = {10.1017/S1431927618014757},
  url = {https://www.cambridge.org/core/product/identifier/S1431927618014757/type/journal_article},
  urldate = {2021-12-05},
  langid = {english},
  itemID = 9964
}

@misc{Convolutionb,
  title = {Convolution of {{Gaussians}} Is {{Gaussian}}},
  url = {https://jeremy9959.net/Math-5800-Spring-2020/notebooks/convolution_of_gaussians.html},
  urldate = {2021-12-12},
  itemID = 10305
}

@misc{critical,
  title = {Critical\_points\_to\_be\_addressed\_in\_a\_vls-Pgm\_proposal\_2018.Pdf},
  url = {https://vlspgm.lightsource.ca/media/uploads/manuals/critical_points_to_be_addressed_in_a_vls-pgm_proposal_2018.pdf},
  urldate = {2021-12-06},
  itemID = 10045
}
% == BibTeX quality report for critical:
% ? Title looks like it was stored in lower-case in Zotero
% ? Unused version: 14263

@article{Cryoprotectants2018,
  title = {Cryoprotectants {{Severely Exacerbate X-ray-Induced Photoreduction}}},
  author = {Nienaber, Kurt H. and Pushie, M. Jake and Cotelesage, Julien J. H. and Pickering, Ingrid J. and George, Graham N.},
  year = {2018},
  month = feb,
  journal = {The Journal of Physical Chemistry Letters},
  volume = {9},
  number = {3},
  pages = {540--544},
  issn = {1948-7185},
  doi = {10.1021/acs.jpclett.7b03111},
  langid = {english},
  pmid = {29337573},
  itemID = 10155
}

@article{Curve1988,
  title = {Curve Fitting Analysis of Near‐edge Core Excitation Spectra of Free, Adsorbed, and Polymeric Molecules},
  author = {Outka, D. A. and Stöhr, J.},
  year = {1988},
  month = mar,
  journal = {The Journal of Chemical Physics},
  volume = {88},
  number = {6},
  pages = {3539--3554},
  issn = {0021-9606, 1089-7690},
  doi = {10.1063/1.453902},
  url = {http://aip.scitation.org/doi/10.1063/1.453902},
  urldate = {2021-12-10},
  langid = {english},
  itemID = 10259
}

@article{Deconvolution2002,
  title = {Deconvolution {{With}} a {{Spatially-Variant PSF}}},
  author = {Lauer, Tod R.},
  year = {2002},
  month = dec,
  journal = {arXiv:astro-ph/0208247},
  eprint = {astro-ph/0208247},
  eprinttype = {arxiv},
  pages = {167},
  doi = {10.1117/12.461035},
  url = {http://arxiv.org/abs/astro-ph/0208247},
  urldate = {2021-12-11},
  archiveprefix = {arXiv},
  itemID = 10293
}
% == BibTeX quality report for Deconvolution2002:
% ? Title looks like it was stored in title-case in Zotero
% ? Unused version: 14872

@article{Deconvolving2007,
  title = {Deconvolving {{Instrumental}} and {{Intrinsic Broadening}} in {{Excited State X-ray Spectroscopies}}},
  author = {Fister, T. T. and Seidler, G. T. and Rehr, J. J. and Kas, J. J. and Elam, W. T. and Cross, J. O. and Nagle, K. P.},
  year = {2007},
  month = may,
  journal = {Physical Review B},
  volume = {75},
  number = {17},
  eprint = {cond-mat/0702007},
  eprinttype = {arxiv},
  pages = {174106},
  issn = {1098-0121, 1550-235X},
  doi = {10.1103/PhysRevB.75.174106},
  url = {http://arxiv.org/abs/cond-mat/0702007},
  urldate = {2021-12-11},
  archiveprefix = {arXiv},
  itemID = 10279
}

@article{Deconvolving2007a,
  title = {Deconvolving Instrumental and Intrinsic Broadening in Core-Shell x-Ray Spectroscopies},
  author = {Fister, T. T. and Seidler, G. T. and Rehr, J. J. and Kas, J. J. and Elam, W. T. and Cross, J. O. and Nagle, K. P.},
  year = {2007},
  month = may,
  journal = {Physical Review B},
  volume = {75},
  number = {17},
  pages = {174106},
  publisher = {{American Physical Society}},
  doi = {10.1103/PhysRevB.75.174106},
  url = {https://link.aps.org/doi/10.1103/PhysRevB.75.174106},
  urldate = {2021-12-12},
  itemID = 10308
}

@misc{Demeter,
  title = {Demeter: {{XAS Data Processing}} and {{Analysis}}},
  url = {https://bruceravel.github.io/demeter/},
  urldate = {2021-12-08},
  itemID = 10197
}
% == BibTeX quality report for Demeter:
% ? Title looks like it was stored in title-case in Zotero
% ? Unused version: 14601

@misc{Elements,
  title = {Elements of {{Modern X-ray Physics}} by {{Als-Nielsen}}, {{Jens}}, {{McMorrow}}, {{Des}}: {{Very Good}} (2001) | {{Zubal-Books}}, {{Since}} 1961},
  shorttitle = {Elements of {{Modern X-ray Physics}} by {{Als-Nielsen}}, {{Jens}}, {{McMorrow}}, {{Des}}},
  url = {https://www.abebooks.com/9780471498575/Elements-Modern-X-ray-Physics-Als-Nielsen-0471498572/plp},
  urldate = {2021-12-05},
  langid = {english},
  itemID = 9944
}

@misc{English2010,
  title = {English:  {{Example XAS}} Spectrum Showing the Three Major Data Regions.},
  shorttitle = {English},
  author = {Wikipedia, Munzarin at English},
  year = {27 January 2010 (original upload date)},
  url = {https://commons.wikimedia.org/wiki/File:XASFig.jpg},
  urldate = {2021-12-08},
  itemID = 10172
}

@article{Extraction2000,
  title = {Extraction of the {{Fine Structure From}} X-Ray {{Absorption Spectra}}},
  author = {Klementiev, Konstantin},
  year = {2000},
  month = dec,
  journal = {Journal of Physics D: Applied Physics},
  volume = {34},
  pages = {209},
  doi = {10.1088/0022-3727/34/2/309},
  itemID = 10251
}

@misc{File,
  title = {File:{{Diagram}} of {{X-ray}} Magnetic Circular Dichroism.Pdf - {{Wikipedia}}},
  shorttitle = {File},
  url = {https://commons.wikimedia.org/wiki/File:Diagram_of_X-ray_magnetic_circular_dichroism.pdf},
  urldate = {2021-12-08},
  langid = {english},
  itemID = 10181
}

@article{Formation1948,
  title = {Formation of {{Optical Images}} by {{X-Rays}}},
  author = {Kirkpatrick, Paul and Baez, A. V.},
  year = {1948},
  month = sep,
  journal = {Journal of the Optical Society of America},
  volume = {38},
  number = {9},
  pages = {766},
  issn = {0030-3941},
  doi = {10.1364/JOSA.38.000766},
  url = {https://www.osapublishing.org/abstract.cfm?URI=josa-38-9-766},
  urldate = {2021-12-05},
  langid = {english},
  itemID = 9980
}
% == BibTeX quality report for Formation1948:
% ? Title looks like it was stored in title-case in Zotero
% ? Unused journalAbbreviation: J. Opt. Soc. Am.
% ? Unused libraryCatalog: DOI.org (Crossref)
% ? Unused version: 14097

@article{High2021,
  title = {High {{Energy Resolution Fluorescence Detected X-ray Absorption Spectroscopy}}: {{An Analytical Method}} for {{Selenium Speciation}}},
  shorttitle = {High {{Energy Resolution Fluorescence Detected X-ray Absorption Spectroscopy}}},
  author = {Nehzati, Susan and Dolgova, Natalia V. and James, Ashley K. and Cotelesage, Julien J. H. and Sokaras, Dimosthenis and Kroll, Thomas and George, Graham N. and Pickering, Ingrid J.},
  year = {2021},
  month = jul,
  journal = {Analytical Chemistry},
  volume = {93},
  number = {26},
  pages = {9235--9243},
  issn = {1520-6882},
  doi = {10.1021/acs.analchem.1c01503},
  langid = {english},
  pmid = {34164981},
  itemID = 10255
}

@article{Highresolution2007,
  title = {High-Resolution {{XANES S L3}},2 Edge Spectra Collected from a Series of Iron-Bearing Sphalerite({{Zn}},{{Fe}}){{S}} Minerals},
  author = {Pratt, Allen and Zuin, Lucia and Yiu, Yun-Mui and {Harmer-Bassell}, Sarah},
  year = {2007},
  month = oct,
  journal = {Canadian Journal of Chemistry},
  volume = {85},
  pages = {761--766},
  doi = {10.1139/v07-072},
  itemID = 10333
}

@article{How2014,
  title = {How to {{Successfully Renovate}} a {{Controls System}}? - {{Lessons Learned}} from the {{Renovation}} of the {{CERN Injectors}}' {{Controls Software}}},
  author = {Kruk, G and Deghaye, S and Kulikova, O and Lezhebokov, V V and Pace, M and Mira, P Pera and Roux, E and Wozniak, J P},
  year = {2014},
  pages = {4},
  langid = {english},
  itemID = 8921
}
% == BibTeX quality report for How2014:
% Missing required field 'journal'
% ? Title looks like it was stored in title-case in Zotero
% ? Unused libraryCatalog: Zotero
% ? Unused version: 12289

@misc{Howl,
  title = {How to Estimate the the Core Hole Lifetime in X-Ray Absorption Spectra Calculation},
  url = {https://wien.zeus.theochem.tuwien.ac.narkive.com/hXjzgoWO/how-to-estimate-the-the-core-hole-lifetime-in-x-ray-absorption-spectra-calculation},
  urldate = {2021-12-11},
  itemID = 10277
}

@misc{Ifeffit2016,
  title = {[{{Ifeffit}}] {{XANES}} Pre-Edge vs. Edge Features},
  author = {Newville, Matt},
  year = {Mon Jan 25 08:40:13 CST 2016},
  url = {https://millenia.cars.aps.anl.gov/pipermail/ifeffit/2016-January/008419.html},
  urldate = {2021-12-12},
  itemID = 10301
}

@article{II,
  title = {{{II}}. {{Real-space}} Multiple-Scattering Theory of {{EXAFS}} and {{XANES}} \& {{FEFF}}},
  author = {Rehr, J J and Kas, J J and Vila, F D},
  pages = {60},
  langid = {english},
  itemID = 10232
}
% == BibTeX quality report for II:
% Missing required field 'journal'
% Missing required field 'year'
% ? Unused libraryCatalog: Zotero
% ? Unused version: 14680

@article{IIa,
  title = {{{II}}. {{Real-space}} Multiple-Scattering Theory of {{EXAFS}} and {{XANES}} \& {{FEFF}}},
  author = {Rehr, J J and Kas, J J and Vila, F D},
  pages = {60},
  langid = {english},
  itemID = 10248
}
% == BibTeX quality report for IIa:
% Missing required field 'journal'
% Missing required field 'year'
% ? Unused libraryCatalog: Zotero
% ? Unused version: 14711

@inproceedings{Imaging2021,
  title = {Imaging through Deconvolution with a Spatially Variant Point Spread Function},
  booktitle = {Computational {{Imaging VI}}},
  author = {Novak, Kyle and Watnik, Abbie T.},
  editor = {Petruccelli, Jonathan C. and Tian, Lei and Preza, Chrysanthe},
  year = {2021},
  month = apr,
  pages = {4},
  publisher = {{SPIE}},
  address = {{Online Only, United States}},
  doi = {10.1117/12.2585632},
  url = {https://www.spiedigitallibrary.org/conference-proceedings-of-spie/11731/2585632/Imaging-through-deconvolution-with-a-spatially-variant-point-spread-function/10.1117/12.2585632.full},
  urldate = {2021-12-11},
  isbn = {978-1-5106-4299-7 978-1-5106-4300-0},
  itemID = 10285
}
% == BibTeX quality report for Imaging2021:
% ? Unsure about the formatting of the booktitle
% ? Unused libraryCatalog: DOI.org (Crossref)
% ? Unused version: 14854

@misc{Insertion,
  title = {Insertion {{Devices}}},
  author = {{Johannes Bahrdt}},
  url = {https://cds.cern.ch/record/941329/files/p441.pdf},
  urldate = {2021-12-07},
  itemID = 10128
}
% == BibTeX quality report for Insertion:
% ? Title looks like it was stored in title-case in Zotero
% ? Unused version: 14430

@article{insertion2002a,
  title = {An Insertion Device Beamline for 5–250 {{eV}} at the {{Canadian Light Source}}},
  author = {Reininger, R. and Tan, K. and Coulthard, I.},
  year = {2002},
  month = mar,
  journal = {Review of Scientific Instruments},
  volume = {73},
  number = {3},
  pages = {1489--1491},
  issn = {0034-6748, 1089-7623},
  doi = {10.1063/1.1436545},
  url = {http://aip.scitation.org/doi/10.1063/1.1436545},
  urldate = {2021-12-05},
  langid = {english},
  itemID = 9979
}

@article{Introductione,
  title = {Introduction to {{X-ray Absorption Spectroscopy}}},
  author = {Ravel, Bruce},
  pages = {82},
  langid = {english},
  itemID = 10209
}
% == BibTeX quality report for Introductione:
% Missing required field 'journal'
% Missing required field 'year'
% ? Unused libraryCatalog: Zotero
% ? Unused version: 14628

@misc{Introductiong,
  title = {Introduction to {{XAFS}} | {{Condensed}} Matter Physics, Nanoscience and Mesoscopic Physics},
  journal = {Cambridge University Press},
  url = {https://www.cambridge.org/us/academic/subjects/physics/condensed-matter-physics-nanoscience-and-mesoscopic-physics/introduction-xafs-practical-guide-x-ray-absorption-fine-structure-spectroscopy, https://www.cambridge.org/us/academic/subjects/physics/condensed-matter-physics-nanoscience-and-mesoscopic-physics},
  urldate = {2021-12-10},
  langid = {english},
  itemID = 10274
}

@article{Korringa2021,
  title = {Korringa–{{Kohn}}–{{Rostoker}} Method},
  year = {2021},
  month = sep,
  journal = {Wikipedia},
  url = {https://en.wikipedia.org/w/index.php?title=Korringa%E2%80%93Kohn%E2%80%93Rostoker_method&oldid=1042885101},
  urldate = {2021-12-07},
  copyright = {Creative Commons Attribution-ShareAlike License},
  langid = {english},
  annotation = {Page Version ID: 1042885101},
  itemID = 10099
}
% == BibTeX quality report for Korringa2021:
% Missing required field 'author'
% ? Unused version: 14350

@misc{L11,
  title = {L11.3 {{Ionization}} of Hydrogen: Conditions of Validity, Initial and Final States | {{Time Dependent Perturbation Theory}} and {{Adiabatic Approximation}} | {{Video Lectures}} | {{Quantum Physics III}} | {{Physics}} | {{MIT OpenCourseWare}}},
  shorttitle = {L11.3 {{Ionization}} of Hydrogen},
  author = {Barton, Zwiebach},
  url = {https://ocw.mit.edu/courses/physics/8-06-quantum-physics-iii-spring-2018/video-lectures/time-dependent-perturbation-theory/L11-3/},
  urldate = {2021-12-09},
  langid = {english},
  itemID = 10212
}

@misc{Larch,
  title = {Larch — Xraylarch 0.9.57 Documentation},
  url = {https://xraypy.github.io/xraylarch/index.html},
  urldate = {2021-12-06},
  itemID = 10054
}

@article{Larch2013,
  title = {Larch: {{An Analysis Package}} for {{XAFS}} and {{Related Spectroscopies}}},
  shorttitle = {Larch},
  author = {Newville, Matthew},
  year = {2013},
  month = apr,
  journal = {Journal of Physics: Conference Series},
  volume = {430},
  pages = {012007},
  publisher = {{IOP Publishing}},
  issn = {1742-6596},
  doi = {10.1088/1742-6596/430/1/012007},
  url = {https://doi.org/10.1088/1742-6596/430/1/012007},
  urldate = {2021-12-14},
  langid = {english},
  itemID = 10340
}
% == BibTeX quality report for Larch2013:
% ? Title looks like it was stored in title-case in Zotero
% ? Unused journalAbbreviation: J. Phys.: Conf. Ser.
% ? Unused libraryCatalog: Institute of Physics
% ? Unused version: 15124

@article{Metal2019,
  title = {Metal {{L-edge}}},
  year = {2019},
  month = jul,
  journal = {Wikipedia},
  url = {https://en.wikipedia.org/w/index.php?title=Metal_L-edge&oldid=904894082},
  urldate = {2021-12-06},
  copyright = {Creative Commons Attribution-ShareAlike License},
  langid = {english},
  annotation = {Page Version ID: 904894082},
  itemID = 10049
}
% == BibTeX quality report for Metal2019:
% Missing required field 'author'
% ? Unused version: 14265

@misc{MITa,
  title = {{{MIT X-Ray SEF List}} of {{Resources}}},
  url = {http://prism.mit.edu/xray/oldsite/resources.htm},
  urldate = {2021-12-05},
  itemID = 9934
}
% == BibTeX quality report for MITa:
% ? Title looks like it was stored in title-case in Zotero
% ? Unused version: 14027

@book{Modern2004,
  title = {Modern Spectroscopy},
  author = {Hollas, J. Michael},
  year = {2004},
  url = {http://www.books24x7.com/marc.asp?bookid=41707},
  urldate = {2021-12-06},
  isbn = {978-0-470-09471-6},
  langid = {english},
  annotation = {OCLC: 54776194},
  itemID = 10031
}
% == BibTeX quality report for Modern2004:
% Missing required field 'publisher'
% ? Unused libraryCatalog: Open WorldCat
% ? Unused version: 14233

@article{Multiplescattering1986,
  title = {Multiple-Scattering Regime and Higher-Order Correlations in x-Ray-Absorption Spectra of Liquid Solutions},
  author = {Benfatto, M. and Natoli, C. R. and Bianconi, A. and Garcia, J. and Marcelli, A. and Fanfoni, M. and Davoli, I.},
  year = {1986},
  month = oct,
  journal = {Physical Review B},
  volume = {34},
  number = {8},
  pages = {5774--5781},
  publisher = {{American Physical Society}},
  doi = {10.1103/PhysRevB.34.5774},
  url = {https://link.aps.org/doi/10.1103/PhysRevB.34.5774},
  urldate = {2021-12-08},
  itemID = 10165
}

@article{Online2018,
  title = {Online {{Coupling Measurement}} and {{Correction Throughout}} the {{LHC Cycle}}},
  author = {Hemelsoet, Georges-Henry and Calia, Andrea and Fuchsberger, Kajetan and Gabriel, Mathieu and Hostettler, Michael and Hruska, Marek and Jacquet, Delphine and Persson, Tobias and Soderen, Martin and Valuch, Daniel},
  year = {2018},
  journal = {Proceedings of the 16th Int. Conf. on Accelerator and Large Experimental Control Systems},
  volume = {ICALEPCS2017},
  pages = {6 pages, 0.617 MB},
  publisher = {{JACoW, Geneva, Switzerland}},
  doi = {10.18429/JACOW-ICALEPCS2017-TUPHA119},
  url = {http://jacow.org/icalepcs2017/doi/JACoW-ICALEPCS2017-TUPHA119.html},
  urldate = {2021-08-26},
  collaborator = {RW (Ed.), Volker, Schaa and Isidre (Ed.), Costa and David (Ed.), FernÃ¡Ndez and ÃScar (Ed.), Matilla},
  copyright = {CC 3.0},
  isbn = {9783954501939},
  langid = {english},
  itemID = 8912
}
% == BibTeX quality report for Online2018:
% ? Possibly abbreviated journal title Proceedings of the 16th Int. Conf. on Accelerator and Large Experimental Control Systems
% ? Title looks like it was stored in title-case in Zotero
% ? Unused libraryCatalog: DOI.org (Datacite)
% ? Unused medium: PDF
% ? Unused version: 12279

@techreport{OPPORTUNITIES,
  title = {{{OPPORTUNITIES FOR GAS-PHAS MOLECULAR SPECTROSCOPY ON THE VLS-PGM BEAMLINE AT THE CANADIAN LIGHT SOURCE}}},
  author = {{MICHAEL A MacDONALD}},
  url = {https://www.ideals.illinois.edu/bitstream/handle/2142/79454/885.pdf},
  urldate = {2021-12-07},
  itemID = 10149
}
% == BibTeX quality report for OPPORTUNITIES:
% Missing required field 'institution'
% Missing required field 'year'
% ? Title looks like it was stored in title-case in Zotero
% ? Unused version: 14499

@misc{Perlego,
  title = {Perlego},
  url = {https://www.perlego.com/sign-up},
  urldate = {2021-12-05},
  itemID = 9938
}

@article{Photoionization,
  title = {Photoionization of Atoms and Molecules},
  author = {Mohler, Fred L},
  pages = {50},
  doi = {10.6028/NBS.TN.131},
  langid = {english},
  itemID = 10215
}
% == BibTeX quality report for Photoionization:
% Missing required field 'journal'
% Missing required field 'year'
% ? Unused libraryCatalog: Zotero
% ? Unused version: 14640

@misc{PHYS,
  title = {{{PHYS}} 570 {{Home Page}}},
  url = {http://www.phys.iit.edu/~segre/phys570/20S/},
  urldate = {2021-12-05},
  itemID = 9942
}
% == BibTeX quality report for PHYS:
% ? Title looks like it was stored in title-case in Zotero
% ? Unused version: 14041

@incollection{Properties1994,
  title = {The {{Properties}} of {{Undulator Radiation}}},
  booktitle = {New {{Directions}} in {{Research}} with {{Third-Generation Soft X-Ray Synchrotron Radiation Sources}}},
  author = {Howells, M. R. and Kincaid, B. M.},
  editor = {Schlachter, A. S. and Wuilleumier, F. J.},
  year = {1994},
  pages = {315--358},
  publisher = {{Springer Netherlands}},
  address = {{Dordrecht}},
  doi = {10.1007/978-94-011-0868-3_13},
  url = {http://link.springer.com/10.1007/978-94-011-0868-3_13},
  urldate = {2021-12-07},
  isbn = {978-94-010-4375-5 978-94-011-0868-3},
  langid = {english},
  itemID = 10134
}
% == BibTeX quality report for Properties1994:
% ? Title looks like it was stored in title-case in Zotero
% ? Unused libraryCatalog: DOI.org (Crossref)
% ? Unused version: 14463

@misc{Quantum,
  title = {Quantum Mechanical Treatment of {{XAS}}},
  url = {https://www.fkf.mpg.de/5486115/08_XAS.pdf},
  urldate = {2021-12-09},
  itemID = 10203
}

@article{Recent2014,
  title = {Recent {{Changes}} to {{Beamline Software}} at the {{Canadian Light Source}}},
  author = {Wright, G and Beauregard, D and Berg, R and Black, G and Chevrier, D K and Igarashi, R and Matias, E D and Miller, C D},
  year = {2014},
  pages = {3},
  langid = {english},
  itemID = 9962
}
% == BibTeX quality report for Recent2014:
% Missing required field 'journal'
% ? Title looks like it was stored in title-case in Zotero
% ? Unused libraryCatalog: Zotero
% ? Unused version: 14071

@article{relation2013,
  title = {On the Relation between {{X-ray Photoelectron Spectroscopy}} and {{XAFS}}},
  author = {Mårtensson, N and Söderstrom, J and Svensson, S and Travnikova, O and Patanen, M and Miron, C and Sæthre, L J and Børve, K J and Thomas, T D and Kas, J J and Vila, F D and Rehr, J J},
  year = {2013},
  month = apr,
  journal = {Journal of Physics: Conference Series},
  volume = {430},
  pages = {012131},
  issn = {1742-6588, 1742-6596},
  doi = {10.1088/1742-6596/430/1/012131},
  url = {https://iopscience.iop.org/article/10.1088/1742-6596/430/1/012131},
  urldate = {2021-12-06},
  langid = {english},
  itemID = 10071
}

@article{Reliable2014,
  title = {Reliable {{Software Development}} for {{Machine Protection Systems}}},
  author = {Garnier, J C and Anderson, D and Audrain, M and Dragu, M and Fuchsberger, K and Gorzawski, A A and Koza, M and Krol, K H and Misiowiec, K and Stamos, K and Zerlauth, M},
  year = {2014},
  pages = {3},
  langid = {english},
  itemID = 8919
}
% == BibTeX quality report for Reliable2014:
% Missing required field 'journal'
% ? Title looks like it was stored in title-case in Zotero
% ? Unused libraryCatalog: Zotero
% ? Unused version: 12286

@misc{Researcha,
  title = {Research - {{Beamteam Research Group}} - {{University}} of {{Saskatchewan}}},
  url = {https://research-groups.usask.ca/beamteam/research.php},
  urldate = {2021-12-09},
  itemID = 10224
}
% == BibTeX quality report for Researcha:
% ? Title looks like it was stored in title-case in Zotero
% ? Unused version: 14663

@article{Retraction2018,
  title = {Retraction: {{On}} the Enzymatic Activity of Catalase: An Iron {{L-edge X-ray}} Absorption Study of the Active Centre},
  shorttitle = {Retraction},
  author = {Bergmann, Nora and Bonhommeau, Sébastien and Lange, Kathrin M. and Greil, Stefanie M. and Eisebitt, Stefan and de Groot, Frank and Chergui, Majed and Aziz, Emad F.},
  year = {2018},
  month = jun,
  journal = {Physical Chemistry Chemical Physics},
  volume = {20},
  number = {23},
  pages = {16294--16294},
  publisher = {{The Royal Society of Chemistry}},
  issn = {1463-9084},
  doi = {10.1039/C8CP91772H},
  url = {https://pubs.rsc.org/en/content/articlelanding/2018/cp/c8cp91772h},
  urldate = {2021-12-08},
  langid = {english},
  itemID = 10194
}

@article{Review1995,
  title = {Review of Plane Grating Focusing for Soft X‐ray Monochromators},
  author = {Petersen, H. and Jung, C. and Hellwig, C. and Peatman, W. B. and Gudat, W.},
  year = {1995},
  month = jan,
  journal = {Review of Scientific Instruments},
  volume = {66},
  number = {1},
  pages = {1--14},
  issn = {0034-6748, 1089-7623},
  doi = {10.1063/1.1145258},
  url = {http://aip.scitation.org/doi/10.1063/1.1145258},
  urldate = {2021-12-09},
  langid = {english},
  itemID = 10241
}

@misc{RichardsonLucy2019a,
  title = {The {{Richardson-Lucy Algorithm}}},
  year = {2019},
  month = may,
  journal = {Strolls with my Dog},
  url = {https://www.strollswithmydog.com/richardson-lucy-algorithm/},
  urldate = {2021-12-12},
  langid = {american},
  itemID = 10312
}
% == BibTeX quality report for RichardsonLucy2019a:
% ? Title looks like it was stored in title-case in Zotero
% ? Unused version: 14972

@misc{Safeguarding,
  title = {Safeguarding {{Your Research}} - {{Science}}.Gc.Ca},
  author = {{Government of Canada}, Innovation},
  url = {https://www.ic.gc.ca/eic/site/063.nsf/eng/h_97955.html},
  urldate = {2021-08-26},
  langid = {english},
  annotation = {Last Modified: 2021-07-12},
  itemID = 8927
}

@article{Selection2021,
  title = {Selection Rule},
  year = {2021},
  month = nov,
  journal = {Wikipedia},
  url = {https://en.wikipedia.org/w/index.php?title=Selection_rule&oldid=1053098998},
  urldate = {2021-12-06},
  copyright = {Creative Commons Attribution-ShareAlike License},
  langid = {english},
  annotation = {Page Version ID: 1053098998},
  itemID = 10047
}
% == BibTeX quality report for Selection2021:
% Missing required field 'author'
% ? Unused version: 14264

@article{Singlescattering1983,
  title = {Single-Scattering Theory of x-Ray Absorption},
  author = {Müller, J. E. and Schaich, W. L.},
  year = {1983},
  month = may,
  journal = {Physical Review B},
  volume = {27},
  number = {10},
  pages = {6489--6492},
  issn = {0163-1829},
  doi = {10.1103/PhysRevB.27.6489},
  url = {https://link.aps.org/doi/10.1103/PhysRevB.27.6489},
  urldate = {2021-12-07},
  langid = {english},
  itemID = 10096
}

@article{Soft,
  title = {A {{Soft X-Ray Emission Endstation}} for the {{Canadian Light Source}}},
  author = {Muir, David},
  pages = {211},
  langid = {english},
  itemID = 10235
}
% == BibTeX quality report for Soft:
% Missing required field 'journal'
% Missing required field 'year'
% ? Title looks like it was stored in title-case in Zotero
% ? Unused libraryCatalog: Zotero
% ? Unused version: 14684

@article{Structural2008,
  title = {Structural {{Insights}} into {{Mechanisms}} of {{Catalysis}} and {{Inhibition}} in {{Norwalk Virus Polymerase}}},
  author = {Zamyatkin, Dmitry F. and Parra, Francisco and Alonso, José M. Martín and Harki, Daniel A. and Peterson, Blake R. and Grochulski, Pawel and Ng, Kenneth K.-S.},
  year = {2008},
  month = mar,
  journal = {Journal of Biological Chemistry},
  volume = {283},
  number = {12},
  pages = {7705--7712},
  issn = {00219258},
  doi = {10.1074/jbc.M709563200},
  url = {https://linkinghub.elsevier.com/retrieve/pii/S0021925820551612},
  urldate = {2021-12-06},
  langid = {english},
  itemID = 9996
}
% == BibTeX quality report for Structural2008:
% ? Title looks like it was stored in title-case in Zotero
% ? Unused libraryCatalog: DOI.org (Crossref)
% ? Unused version: 14137

@misc{Support,
  title = {Support/{{Associate Scientist}} ({{VLS-PGM Beamline}})},
  url = {https://www.northstarats.com/Canadian-Light-Source/Support-Associate-Scientist-VLS-PGM-Beamline/64254/1913613},
  urldate = {2021-12-05},
  langid = {english},
  itemID = 9932
}
% == BibTeX quality report for Support:
% ? Title looks like it was stored in title-case in Zotero
% ? Unused version: 14024

@book{Synchrotron1995,
  title = {Synchrotron {{Radiation Sources}}: {{A Primer}}},
  shorttitle = {Synchrotron {{Radiation Sources}}},
  author = {Winick, Herman},
  year = {1995},
  publisher = {{World Scientific}},
  googlebooks = {z439h1\_oYukC},
  isbn = {978-981-02-2424-0},
  langid = {english},
  itemID = 10066
}
% == BibTeX quality report for Synchrotron1995:
% ? Title looks like it was stored in title-case in Zotero
% ? Unused libraryCatalog: Google Books
% ? Unused numPages: 534
% ? Unused version: 14298

@article{Synchrotron2021,
  title = {Synchrotron Radiation},
  year = {2021},
  month = oct,
  journal = {Wikipedia},
  url = {https://en.wikipedia.org/w/index.php?title=Synchrotron_radiation&oldid=1050156316},
  urldate = {2021-12-06},
  copyright = {Creative Commons Attribution-ShareAlike License},
  langid = {english},
  annotation = {Page Version ID: 1050156316},
  itemID = 10033
}
% == BibTeX quality report for Synchrotron2021:
% Missing required field 'author'
% ? Unused version: 14236

@article{tang2017large,
  title = {Large-Scale Hollow Nanoparticle Identification by {{X-ray}} Absorption Spectroscopy},
  author = {Tang, Yuanhong and Wang, Zhiqiang and Wang, Dongniu and Wang, Jian and Sham, Tsun-Kong},
  year = {2017},
  journal = {Canadian Journal of Chemistry},
  volume = {95},
  number = {11},
  pages = {1151--1155},
  publisher = {{NRC Research Press}},
  doi = {10.1139/cjc-2017-0104},
  itemID = 10027
}

@misc{time,
  title = {Time\_of\_flight\_manual\_dec\_2016\_lz.Pdf},
  url = {https://vlspgm.lightsource.ca/media/uploads/manuals/time_of_flight_manual_dec_2016_lz.pdf},
  urldate = {2021-12-08},
  itemID = 10177
}
% == BibTeX quality report for time:
% ? Title looks like it was stored in lower-case in Zotero
% ? Unused version: 14560

@article{tribute2017,
  title = {A Tribute to {{T}}.{{K}}. {{Sham}}},
  author = {Bancroft, G. Michael},
  year = {2017},
  month = nov,
  journal = {Canadian Journal of Chemistry},
  volume = {95},
  number = {11},
  pages = {v-vi},
  publisher = {{NRC Research Press}},
  issn = {0008-4042},
  doi = {10.1139/cjc-2017-0530},
  url = {https://cdnsciencepub.com/doi/full/10.1139/cjc-2017-0530},
  urldate = {2021-12-05},
  itemID = 9948
}

@article{Tune,
  title = {Tune and Chromaticity Diagnostics},
  author = {Steinhagen, R J},
  pages = {43},
  langid = {english},
  itemID = 8923
}
% == BibTeX quality report for Tune:
% Missing required field 'journal'
% Missing required field 'year'
% ? Unused libraryCatalog: Zotero
% ? Unused version: 12292

@article{TUPPC100,
  title = {{{TUPPC100}} – {{Recent Changes}} to {{Beamline Software}} at the {{Canadian Light Source}}},
  author = {Wright, Glen and Beauregard, David and Berg, Russ and Black, Gillian and Chevrier, David K and Igarashi, Ru and Miller, Denise and Matias, Elder},
  pages = {1},
  langid = {english},
  itemID = 10221
}
% == BibTeX quality report for TUPPC100:
% Missing required field 'journal'
% Missing required field 'year'
% ? Title looks like it was stored in title-case in Zotero
% ? Unused libraryCatalog: Zotero
% ? Unused version: 14657

@misc{Tutorials,
  title = {Tutorials, {{Books}}, and Other {{Resources}} — Xrayabsorption.Org},
  url = {https://xafs.xrayabsorption.org/tutorials.html},
  urldate = {2021-12-09},
  itemID = 10236
}

@misc{USPAS,
  title = {{{USPAS}} | {{Materials}} | {{Materials}} \& {{Instructors}}},
  url = {https://uspas.fnal.gov/materials/materials-table.shtml},
  urldate = {2021-12-06},
  itemID = 10068
}
% == BibTeX quality report for USPAS:
% ? Title looks like it was stored in title-case in Zotero
% ? Unused version: 14299

@misc{VLSPGM,
  title = {{{VLS-PGM}} - {{Manuals}} \& Useful Information},
  url = {https://vlspgm.lightsource.ca/user-guide/Manuals/},
  urldate = {2021-12-06},
  itemID = 9984
}

@inproceedings{VLSPGM2007a,
  title = {{{VLS-PGM Beamline}} at the {{Canadian Light Source}}},
  booktitle = {{{AIP Conference Proceedings}}},
  author = {Hu, Y. F. and Zuin, L. and Reininger, R. and Sham, T. K.},
  year = {2007},
  volume = {879},
  pages = {535--538},
  publisher = {{AIP}},
  address = {{Daegu (Korea)}},
  issn = {0094243X},
  doi = {10.1063/1.2436116},
  url = {http://aip.scitation.org/doi/abs/10.1063/1.2436116},
  urldate = {2021-12-05},
  langid = {english},
  itemID = 9959
}
% == BibTeX quality report for VLSPGM2007a:
% ? Title looks like it was stored in title-case in Zotero
% ? Unused conferenceName: SYNCHROTRON RADIATION INSTRUMENTATION: Ninth International Conference on Synchrotron Radiation Instrumentation
% ? Unused libraryCatalog: DOI.org (Crossref)
% ? Unused version: 14069

@misc{VLSPGMa,
  title = {{{VLS-PGM}} - {{Publications}}},
  url = {https://vlspgm.lightsource.ca/publications/},
  urldate = {2021-12-06},
  itemID = 10015
}
% == BibTeX quality report for VLSPGMa:
% ? Title looks like it was stored in title-case in Zotero
% ? Unused version: 14197

@misc{VLSPGMb,
  title = {{{VLS-PGM}} - {{News}} and {{Update}}},
  url = {https://vlspgm.lightsource.ca/news-update/},
  urldate = {2021-12-10},
  itemID = 10242
}
% == BibTeX quality report for VLSPGMb:
% ? Title looks like it was stored in title-case in Zotero
% ? Unused version: 14699

@misc{VLSPGMc,
  title = {{{VLS-PGM}} - {{Canadian Light Source}}},
  url = {https://www.lightsource.ca/facilities/beamlines/cls/beamlines/vls-pgm.php#Samples},
  urldate = {2021-12-06},
  itemID = 10041
}
% == BibTeX quality report for VLSPGMc:
% ? Title looks like it was stored in title-case in Zotero
% ? Unused version: 14255

@misc{VLSPGMd,
  title = {{{VLS-PGM}} - {{ToF}}},
  url = {https://vlspgm.lightsource.ca/user-guide/End-stations/ToF/},
  urldate = {2021-12-08},
  itemID = 10174
}
% == BibTeX quality report for VLSPGMd:
% ? Title looks like it was stored in title-case in Zotero
% ? Unused version: 14553

@inproceedings{Web2012,
  title = {Web Applications for Experimental Control at {{CLS}}},
  booktitle = {2012 {{IEEE}} 8th {{International Conference}} on {{E-Science}}},
  author = {Liu, Dong and Maxwell, Dylan and Matias, Elder},
  year = {2012},
  month = oct,
  pages = {1--4},
  doi = {10.1109/eScience.2012.6404470},
  itemID = 8915
}
% == BibTeX quality report for Web2012:
% ? Unsure about the formatting of the booktitle
% ? Unused libraryCatalog: IEEE Xplore
% ? Unused version: 12283

@misc{XAS,
  title = {{{XAS Education}} by Bruceravel},
  url = {http://bruceravel.github.io/XAS-Education/},
  urldate = {2021-12-06},
  itemID = 10057
}

@misc{XAS2013,
  title = {{{XAS}} - {{Theory}}},
  year = {2013},
  month = oct,
  journal = {Chemistry LibreTexts},
  url = {https://chem.libretexts.org/Bookshelves/Physical_and_Theoretical_Chemistry_Textbook_Maps/Supplemental_Modules_(Physical_and_Theoretical_Chemistry)/Spectroscopy/X-ray_Spectroscopy/XAS_-_Theory},
  urldate = {2021-12-06},
  langid = {english},
  itemID = 10072
}
% == BibTeX quality report for XAS2013:
% ? Title looks like it was stored in title-case in Zotero
% ? Unused version: 14303

@misc{XASa,
  title = {{{XAS}}/{{XES}} Intro by {{Pieter Glatzel}}},
  url = {http://www.pieter-glatzel.de/XASXES.html},
  urldate = {2021-12-07},
  itemID = 10162
}

@misc{Xray,
  title = {X-Ray {{Data}} for the {{Elements}}},
  url = {https://xraydb.xrayabsorption.org/atten/},
  urldate = {2021-12-10},
  itemID = 10272
}

@book{Xray1989,
  title = {X-Ray Spectroscopy: An Introduction},
  shorttitle = {X-Ray Spectroscopy},
  author = {Agarwal, B. K},
  year = {1989},
  publisher = {{Springer-Verlag}},
  address = {{Berlin; New York}},
  isbn = {978-0-387-50719-4},
  langid = {english},
  annotation = {OCLC: 19327153},
  itemID = 9937
}

@book{XRay1991,
  title = {X-{{Ray Spectroscopy}}: An {{Introduction}}},
  shorttitle = {X-{{Ray Spectroscopy}}},
  author = {Agarwal, Bipin K},
  year = {1991},
  publisher = {{Springer Berlin Heidelberg : Imprint : Springer}},
  address = {{Berlin, Heidelberg}},
  url = {https://doi.org/10.1007/978-3-540-38668-1},
  urldate = {2021-12-06},
  isbn = {978-3-540-38668-1},
  langid = {english},
  annotation = {OCLC: 859587657},
  itemID = 9994
}

@phdthesis{XRAY2020,
  type = {Thesis},
  title = {X-{{RAY INDUCED PHOTOREDUCTION OF REDOX ACTIVE METAL IONS}}},
  author = {Nienaber, Kurt},
  year = {2020},
  month = apr,
  url = {https://harvest.usask.ca/handle/10388/12805},
  urldate = {2021-12-07},
  langid = {english},
  school = {University of Saskatchewan},
  annotation = {Accepted: 2020-04-23T15:59:57Z},
  itemID = 10157
}
% == BibTeX quality report for XRAY2020:
% ? Title looks like it was stored in title-case in Zotero
% ? Unused libraryCatalog: harvest.usask.ca
% ? Unused version: 14520

@article{Xray2021,
  title = {X-Ray Absorption Spectroscopy},
  year = {2021},
  month = jul,
  journal = {Wikipedia},
  url = {https://en.wikipedia.org/w/index.php?title=X-ray_absorption_spectroscopy&oldid=1033346026},
  urldate = {2021-12-06},
  copyright = {Creative Commons Attribution-ShareAlike License},
  langid = {english},
  annotation = {Page Version ID: 1033346026},
  itemID = 10051
}
% == BibTeX quality report for Xray2021:
% Missing required field 'author'
% ? Unused version: 14269

@article{Xray2021a,
  title = {X-Ray Absorption near Edge Structure},
  year = {2021},
  month = sep,
  journal = {Wikipedia},
  url = {https://en.wikipedia.org/w/index.php?title=X-ray_absorption_near_edge_structure&oldid=1041823439},
  urldate = {2021-12-06},
  copyright = {Creative Commons Attribution-ShareAlike License},
  langid = {english},
  annotation = {Page Version ID: 1041823439},
  itemID = 10090
}
% == BibTeX quality report for Xray2021a:
% Missing required field 'author'
% ? Unused version: 14337

@article{Xray2021c,
  title = {X-Ray Notation},
  year = {2021},
  month = jul,
  journal = {Wikipedia},
  url = {https://en.wikipedia.org/w/index.php?title=X-ray_notation&oldid=1031657247},
  urldate = {2021-12-08},
  copyright = {Creative Commons Attribution-ShareAlike License},
  langid = {english},
  annotation = {Page Version ID: 1031657247},
  itemID = 10179
}
% == BibTeX quality report for Xray2021c:
% Missing required field 'author'
% ? Unused version: 14564

@misc{zoo,
  title = {A "Zoo" of Deconvolution Algorithms},
  url = {http://www.math.tau.ac.il/~turkel/notes/christou.pdf},
  urldate = {2021-12-12},
  itemID = 10299
}

@inproceedings{zuin2007early,
  ids = {Early},
  title = {Early Results from the {{VLS-PGM}} Beamline at the {{Canadian}} Light Source {{Inc}}},
  booktitle = {{{JOURNAL OF ELECTRON SPECTROSCOPY AND RELATED PHENOMENA}}},
  author = {Zuin, Lucia and Hu, Yongfeng and Sham, TK},
  year = {2007},
  volume = {156},
  pages = {XLI--XLI},
  organization = {{ELSEVIER SCIENCE BV PO BOX 211, 1000 AE AMSTERDAM, NETHERLANDS}},
  itemID = 10003
}
% == BibTeX quality report for zuin2007early:
% ? Unsure about the formatting of the booktitle
% ? Unused version: 14160


